@book{opt_transport_theory_and_app,
  title = {Optimal Transportation Theory and Applications},
  year = 2014,
  editor = {Y. Ollivier and H. Pajot and C. Villani},
  publisher = {Cambridge University Press},
  volume = {413},
}
@article{bocea_transport,
  author = {E.N. Barron and M. Bocea and R. Jensen},
  title = {Duality for the {$L^\infty$} optimal transport problem},
  journal = {Transactions of the American Mathematical Society},
  volume = {369},
  year = 2017,
  number = 5,
  pages = {3289--3323},
}
