@article{abaval:2014,
  title={A Notion of Nonlocal Curvature},
  author={Abatangelo, Nicola and Valdinoci, Enrico},
  journal={Numerical Functional Analysis and Optimization},
  year={2014},
  volume={35},
  number={7-9},
  pages={793--815},
  month={07}
}
@article{seguin:2020,
  title={A fractional notion of length and an associated nonlocal curvature},
  author={Seguin, Brian},
  journal={The Journal of Geometric Analysis},
  year={2020},
  volume={30},
  number={1},
  pages={161--181}
}
